@article{Nakamoto08,
  title = {A peer-to-peer electronic cash system},
  author = {Nakamoto, Satoshi},
  year = {2008},
  url = {https://bitcoin.org/bitcoin.pdf}
}
